1855 3229
767 250 819 295 91

99 376 235 443 cujus
282 394 440 443 neque
490 377 865 444 descriptionem
908 377 1033 438 vidi,
1082 394 1242 443 neque
1280 373 1494 442 specimi-

96 479 184 522 na,
220 461 404 510 nomini
440 461 551 510 huic
586 477 662 509 me
698 461 861 509 locum
898 459 1095 521 cedere,
1132 477 1232 508 non
1265 467 1335 508 est
1360 458 1493 524 quod

96 561 332 593 moneam.

166 626 286 675 Hab.
336 625 476 675 Nova
523 625 803 686 Zeelandia,
852 625 1110 674 D'URVILLE
1158 624 1237 687 (H.
1270 624 1493 688 FRANQ.)‚

95 723 131 756 J.
167 724 212 756 D.
250 723 447 757 HOOKER
483 709 624 766 (inter
660 709 923 774 specimina
960 708 1021 757 H.
1060 708 1246 756 demissi
1283 706 1340 756 H.
1378 707 1493 773 Reg.

96 789 292 854 Berol.).

166 875 241 921 87.
280 874 340 921 H.
376 874 612 921 minimum
656 887 892 929 RICHARD,
928 871 997 920 Fl.
1034 871 1193 922 Nouv.
1230 871 1328 922 Zel.
1360 889 1405 938 p.
1433 875 1493 921 91

99 956 194 1004 tab.
237 958 296 1003 14
333 957 409 1021 fig.
452 958 478 1004 2
516 955 699 1018 (bona).

164 1037 287 1086 Hab.
324 1036 465 1086 Nova
501 1036 782 1096 Zeelandia,
822 1038 1081 1085 D'URVILLE
1118 1036 1197 1100 (H.
1233 1043 1447 1100 FRANQ).

168 1123 252 1168 87³
287 1120 347 1169 H.
385 1120 686 1169 antarcticum
721 1135 794 1167 PR.
831 1119 1038 1185 Hymen·
1076 1137 1122 1185 p.
1149 1121 1210 1168 31
1240 1128 1287 1168 et
1315 1121 1377 1167 50
1403 1119 1498 1168 tab.

100 1201 193 1250 XII
229 1202 299 1264 A,
337 1202 496 1266 mala).

166 1285 289 1334 Hab·
336 1283 477 1334 Nova
523 1283 786 1333 Hollandia
823 1283 967 1347 (Port
1002 1283 1263 1349 Jackson),
1302 1300 1501 1348 summu,

101 1367 223 1434 (Cap
261 1367 508 1432 Diemen)‚
545 1383 733 1417 LABILL.
770 1366 850 1431 (H
875 1367 1072 1431 MOUG.),
1111 1366 1226 1431 (van
1253 1367 1500 1417 Diemens-

101 1450 238 1514 land)
274 1465 310 1498 J·
346 1465 392 1498 D·
428 1464 627 1498 HOOKER
663 1448 741 1513 (N.
786 1447 940 1498 South
966 1448 1175 1514 Wales),
1211 1464 1395 1499 VICARY
1420 1449 1500 1514 (H.

102 1531 283 1596 BOOK).

172 1612 366 1681 Species
403 1614 546 1662 hasce
581 1620 686 1662 toto
707 1614 843 1661 coelo
868 1613 997 1663 inter
1023 1631 1073 1663 se
1100 1613 1323 1676 differre,
1353 1615 1500 1680 speci-

102 1697 314 1746 minibus
350 1696 638 1745 authenticis
663 1696 790 1744 inter
815 1714 866 1744 se
887 1698 1197 1762 comparatis,
1222 1715 1352 1746 nunc
1371 1698 1504 1763 apud

103 1797 182 1829 me
219 1787 427 1839 constat3
463 1787 598 1828 tanta
635 1786 797 1827 autem
822 1780 1017 1827 illarum
1045 1786 1116 1829 est
1141 1779 1423 1833 diversitas,
1449 1789 1506 1829 ut

103 1880 165 1912 ne
202 1863 343 1912 unico
381 1863 657 1911 charactere
693 1863 820 1910 inter
856 1879 907 1911 se
944 1864 1249 1914 conveniant.

175 1937 259 1994 87b
297 1946 358 1994 H.
396 1944 722 1993 Zeelandz'cum
757 1962 802 1992 n.
841 1962 910 2010 sp.
947 1945 1141 1994 Fronde
1180 1963 1205 1994 e
1241 1946 1345 1994 basi
1370 1953 1502 1994 trun·

106 2036 212 2077 cata
257 2029 353 2076 late
402 2036 544 2076 ovata
580 2027 852 2075 acuminata
889 2028 967 2075 vel
1010 2028 1389 2094 ovato-oblonga
1426 2045 1505 2076 an-

108 2118 303 2175 gustata
348 2108 501 2173 (apice
539 2108 765 2174 excepto)
803 2110 1027 2173 pinnata,
1064 2110 1227 2174 pinnis
1264 2111 1507 2159 subconti—

108 2193 236 2258 guis,
271 2193 448 2240 infimis
480 2192 863 2240 horizontalibus
900 2193 1198 2257 petiolulatis
1237 2210 1261 2241 e
1298 2202 1503 2241 cuneato

108 2273 383 2323 rotundatis
423 2275 498 2322 vel
534 2274 629 2322 late
665 2274 946 2322 obcuneatis
972 2275 1295 2339 pinnafifidis,
1321 2276 1507 2324 laciniis

107 2357 405 2422 simplicibus
429 2357 692 2404 furcatisve
717 2357 1371 2422 flabellato-divergentibus,
1415 2376 1509 2407 me-

108 2439 199 2488 diis
235 2439 792 2504 patulo-divergentibus
829 2441 1072 2504 petiolatis
1099 2441 1379 2489 obcuneatis
1405 2441 1506 2506 pin-

108 2522 344 2581 natifidis‚
381 2522 564 2569 laciniis
601 2522 897 2586 simplicibus
927 2523 1132 2587 patulis,
1171 2523 1507 2587 superioribus

110 2605 279 2654 erectis
328 2604 528 2651 furcatis
567 2604 926 2668 simplicibusve
964 2604 1362 2665 decurrentibus,
1400 2605 1507 2652 laci-

111 2688 239 2736 nulis
288 2687 785 2751 oblongo—linearibus
834 2687 990 2751 planis
1034 2687 1251 2752 margine
1289 2687 1506 2747 serratis,

113 2770 339 2819 dentibus
388 2769 540 2817 acutis
579 2769 814 2834 elongatis
852 2768 1039 2829 densis⁷
1087 2769 1254 2816 rhachi
1291 2778 1337 2818 et
1374 2769 1508 2818 venis
