1855 3229
805 228 832 275 ’ἱ

169 378 463 414 KENRmGE·
507 360 746 428 descripta
805 360 1170 429 specierumque
1231 379 1456 412 novarinn

169 445 388 497 iconibus
429 445 682 506 illustrata,
731 460 891 511 quani,
944 442 1272 494 intercedente
1332 444 1454 494 Clar.

168 530 273 579 ASA
312 528 486 591 Gan,
529 526 636 578 usui
685 526 801 576 mihi
850 536 1192 577 concesserunt
1248 528 1458 578 illustres

167 610 322 663 Musei
353 609 773 677 Washingtoniani
795 610 1067 661 Curatores,
1102 610 1316 660 Tandem
1338 628 1458 661 con—

167 692 279 760 tigit
313 691 810 763 Hymenophyllaceas
845 691 991 743 Herb.
1025 692 1147 759 Rog.
1178 691 1331 759 Lugd.
1355 692 1456 743 Bat.

166 777 458 840 examinare,
507 793 598 844 quo
651 776 827 825 sactum
874 783 968 839 est,
1021 784 1072 826 ut
1123 775 1459 827 Javanicarum

167 859 466 927 potissimum
504 858 842 927 Synonymiani
876 858 1129 908 emendare
1164 867 1210 908 et
1244 858 1458 908 stabilire

169 940 421 1008 potuerim.

237 1023 567 1074 Perserutanti
609 1022 791 1090 amplas
830 1023 936 1072 illas
987 1023 1296 1074 collectiones
1349 1041 1458 1074 sae-

165 1106 272 1174 pius
306 1105 423 1156 mihi
456 1104 648 1168 accidit,
682 1113 732 1155 ut
770 1105 817 1154 in
841 1106 1014 1156 formas
1035 1105 1316 1169 inciderem,
1339 1123 1458 1174 quae

163 1188 436 1239 accuratius
475 1188 770 1238 examinatae
806 1187 1021 1256 pluribus
1057 1188 1182 1239 notis
1210 1207 1234 1239 a
1267 1190 1457 1258 specic-

169 1271 260 1321 bus
295 1271 548 1339 descriptis
583 1271 805 1321 recedere
829 1270 1111 1322 videbantur
1132 1289 1347 1340 novoque
1370 1289 1458 1322 no-

170 1353 297 1403 mine
320 1354 367 1404 in
389 1353 668 1420 Catalogum
691 1353 972 1403 inserendae
1006 1362 1158 1405 erant.
1209 1354 1457 1423 Quumque

168 1445 356 1504 tempus
378 1436 588 1486 edendae
612 1435 980 1503 Monographiac
998 1437 1319 1504 impensarum
1340 1455 1458 1488 cau-

167 1536 218 1568 sa
242 1518 576 1568 verosImiliter
616 1518 757 1585 longe
798 1518 942 1581 absit,
966 1536 1112 1569 novas
1142 1519 1247 1569 illas
1268 1520 1457 1589 species

167 1601 215 1650 in
257 1600 496 1669 Synopsin
538 1600 818 1651 inserendas
861 1601 1104 1651 Botanicis
1139 1620 1266 1652 nunc
1288 1603 1456 1653 offerre

167 1683 414 1734 constitui.
469 1683 756 1752 Speciebus,
797 1701 913 1752 quas
959 1684 1061 1752 ipse
1102 1685 1317 1752 dignovi‚
1370 1687 1457 1736 ad-

167 1767 266 1817 didi
306 1775 404 1817 tum
446 1784 564 1835 quas
602 1767 817 1817 continet
868 1767 1027 1836 operis
1081 1769 1456 1837 splendidissimi

166 1848 456 1899 NVilkesiani
505 1850 604 1900 Vol.
641 1849 770 1912 XVI,
803 1859 901 1901 tum
932 1850 1074 1901 etiam
1106 1852 1310 1920 species,
1341 1871 1457 1921 quas

167 1932 270 1982 sive
301 1933 349 1981 in
380 1931 548 1981 Florae
576 1931 878 1983 Brasiliensis
899 1933 1123 1984 [eselculo
1151 1934 1329 1998 XXIII,
1353 1935 1454 1986 sive

168 2015 216 2065 iu
256 2013 415 2064 Diario
455 2014 744 2066 Botcmisclce
782 2015 1011 2084 Zeilumq,
1059 2016 1215 2081 4859,
1256 2018 1333 2068 N0.
1365 2019 1452 2078 55,

168 2097 415 2166 proposuit
454 2115 601 2148 novas
640 2097 765 2148 Clar.
788 2099 969 2149 amicus
992 2099 1195 2162 STUffii,
1217 2108 1453 2168 quatenus

166 2197 339 2248 nempe
379 2179 487 2230 illae
528 2179 683 2231 studio
723 2180 1038 2249 speciininum
1070 2182 1453 2234 authenticorum

167 2263 283 2312 mihi
322 2263 469 2331 probe
509 2263 836 2314 innotuerunt.
876 2264 1003 2323 Quae
1039 2283 1147 2315 vero
1181 2264 1307 2315 circa
1343 2265 1452 2332 plu-

166 2345 392 2396 rimarum
461 2345 1039 2415 Hymenophyllacearum
1111 2348 1452 2417 Synonymiam

166 2427 510 2477 emendandam
550 2428 716 2478 ultimo
755 2438 967 2497 tempore
1003 2430 1167 2494 didici,
1186 2431 1302 2481 haec
1324 2447 1449 2480 nune

166 2510 430 2560 omittenda
465 2528 571 2561 esse
613 2511 850 2562 videntur.

238 2594 395 2661 Atque
434 2593 523 2643 hoc
562 2593 751 2661 quidem
795 2612 852 2645 ne
893 2597 998 2664 quis
1040 2597 1152 2648 vitio
1200 2597 1313 2646 mihi
1344 2614 1453 2647 ver-

167 2683 255 2738 tat,
319 2693 436 2725 neve
497 2677 794 2742 arrogantiae
855 2678 1026 2729 habeat
1089 2680 1276 2746 signum
1332 2680 1453 2729 lianc

165 2758 339 2823 agendi
381 2758 629 2819 iunonem,
671 2767 721 2808 ut.
762 2777 929 2827 nempe
969 2761 1179 2829 antopsia
1221 2761 1450 2829 specimi-

1205 2844 1266 2885 17¹}
