1855 3229
746 218 809 268 27

139 360 390 411 »cuneatis
429 359 739 427 obovatisque
780 358 1093 426 pinnatitidis,
1121 357 1284 426 stipite
1311 355 1423 407 bre-

139 442 367 493 »vissimo
428 443 449 491 ‘l
505 441 699 492 centini.
759 440 833 491 vix
884 441 1117 508 longiore,
1170 440 1428 490 rliizomate

138 525 305 575 »tenui
345 524 502 575 minus
549 524 697 574 dense
749 523 951 574 vestito'
1008 534 1101 573 etc.
1160 522 1428 573 Notandum

138 625 248 658 vero
301 608 466 670 etiam,
515 607 591 657 illa
643 615 871 657 contextu
926 607 1108 656 frondis
1157 614 1204 656 et
1253 604 1429 655 indusii

139 692 304 753 forma,
345 694 472 741 notis
513 690 627 740 mihi
668 690 792 740 inter
826 689 1094 758 primarias,
1129 707 1220 739 non
1247 688 1379 739 valde
1404 706 1428 738 a

136 784 248 842 typo
287 774 493 824 differre.

207 857 332 907 Hah.
363 857 609 918 Alabama,
642 855 848 906 Pin-ms
880 856 1049 923 (llerb.
1076 854 1222 917 Lm,
1247 853 1428 904 STURM

137 947 184 989 et
224 940 318 1007 pr.)

208 1021 310 1071 70³.
354 1020 406 1070 T.
431 1021 727 1087 diaplzammn
762 1020 942 1070 ΗΒΚ.
969 1018 1251 1087 N0v.g011.l
1274 1038 1315 1086 p.
1332 1018 1426 1082 25;

139 1103 328 1155 Kmvm
363 1102 480 1171 Syn.
512 1103 575 1171 pl.
606 1102 706 1152 orl).
739 1120 847 1152 nov.
877 1101 895 1151 I
927 1122 972 1171 p.
997 1102 1089 1166 893
1122 1102 1183 1151 ct'.
1216 1118 1261 1150 v.
1296 1118 1342 1150 D.
1374 1100 1427 1150 B.

139 1186 256 1255 Syn.
296 1204 341 1254 p.
381 1185 473 1249 ‘293
521 1184 570 1235 T.
612 1186 794 1253 yracile
835 1185 1044 1235 Momm
1087 1184 1178 1234 Fil.
1209 1182 1426 1234 Columb.

208 1269 428 1338 Speciem
468 1269 713 1337 optimam.
757 1269 932 1334 injuste
973 1269 1218 1319 confusam
1259 1275 1307 1317 et
1337 1284 1428 1316 ne-

137 1352 363 1420 glectam,
407 1352 521 1402 visis
559 1352 850 1402 authenticis
884 1352 1248 1420 speciminibus,
1282 1350 1428 1400 resti-

136 1443 270 1485 tuere
318 1435 446 1485 lieet.
521 1435 572 1484 T.
611 1436 785 1485 ezimio
823 1433 1056 1502 proxima,
1097 1450 1122 1483 a
1173 1450 1263 1501 quo
1315 1449 1426 1482 vero

137 1517 432 1584 distinguere
472 1517 698 1567 suadent:
739 1518 868 1567 frons
907 1517 1061 1567 minor
1100 1515 1317 1582 rigidior,
1353 1514 1426 1564 la-

136 1600 290 1650 ciniae
320 1601 564 1668 utriusque
595 1600 776 1651 ordinis
806 1600 959 1667 magis
981 1599 1268 1650 divaricatae
1291 1598 1424 1666 apice

133 1701 355 1734 reversae
397 1684 472 1734 vel
512 1684 740 1747 reflexae,
781 1683 1017 1734 lacinulae
1047 1683 1305 1751 conspicue
1335 1699 1425 1731 an-

135 1767 395 1834 gustioreS,
436 1767 630 1817 rhachis
668 1775 870 1833 anguste
910 1766 1053 1829 alata,
1094 1768 1244 1834 stipes
1280 1774 1424 1827 tereS,

135 1849 356 1912 cellulae,
398 1849 679 1917 praesertim
717 1849 901 1917 apicem
945 1866 1112 1900 versus
1141 1857 1188 1899 et
1218 1849 1262 1898 in
1295 1865 1426 1898 mar-

136 1933 267 1999 gine,
296 1932 520 1999 majores,
555 1931 650 1981 sori
682 1931 984 1998 angustiores
1013 1931 1264 1997 angustius
1291 1929 1424 1992 alati,

134 2015 375 2066 indusium
428 2014 709 2082 simpliciter
755 2014 1022 2076 dilatatum,
1063 2021 1155 2063 etc.
1208 2012 1425 2063 Notanda

135 2113 292 2165 porrO,
336 2114 455 2165 quae
497 2096 689 2147 frondes
730 2095 912 2146 fertiles
953 2095 1077 2145 inter
1118 2102 1165 2145 et
1214 2094 1424 2158 sterileS,

135 2180 246 2248 quin
284 2179 377 2229 imo
407 2179 642 2230 frondium
672 2178 899 2229 fertilium
935 2177 1132 2228 lacinias
1156 2177 1426 2245 superiores

136 2263 318 2313 fertiles
348 2262 472 2312 inter
503 2270 551 2312 et
582 2262 833 2312 inferiores
862 2261 1073 2324 steriles,
1103 2260 1315 2310 cernitur
1336 2259 1425 2308 ha-

135 2345 266 2396 bitus
304 2345 574 2394 diversitas.
623 2344 849 2394 Laciniae
885 2352 1044 2394 auten]
1067 2343 1248 2392 fertiles
1270 2341 1427 2391 minus

138 2435 248 2478 sunt
276 2426 475 2489 divisae,
507 2427 785 2494 plerumque
814 2426 1058 2494 pinnatae,
1084 2424 1205 2475 soris
1227 2424 1427 2474 lacinia-

137 2528 239 2561 rum
264 2509 652 2560 secundariarum
676 2509 832 2559 locum
853 2510 1045 2559 omnino
1061 2508 1426 2577 occupantibus,

138 2593 371 2644 lacinulae
402 2610 539 2661 porro
567 2593 872 2660 angustiores
903 2592 1168 2643 strictiores
1202 2600 1249 2641 et
1275 2591 1428 2659 inagis

138 2676 408 2743 elongatae.

209 2759 330 2825 Hah.
358 2759 642 2821 Venezuela,
659 2758 950 2810 limussomr
966 2765 1014 2808 et
1036 2757 1323 2808 BONPLAND
1345 2755 1426 2823 (H.
