1855 3229
816 223 899 264 133

140 331 347 411 junctis,
397 347 663 413 parietibus
711 348 1003 394 transversis
1046 349 1225 396 teneris
1263 348 1542 414 diaphanis,

148 429 410 478 interaneis
447 428 693 477 nebulosis
718 427 860 476 valde
892 427 1058 476 dilutis
1083 428 1297 489 diffusis,
1329 431 1541 495 globulis

148 511 370 560 viridulis
428 511 761 559 minutissimis
821 511 1137 570 intermixtis,
1193 513 1542 577 marginalibus

149 593 499 642 subtetrae'dris
535 593 804 641 minoribus
842 594 1046 657 (parvis)
1084 595 1266 657 pariete
1302 595 1546 644 exteriore

148 684 195 723 et
230 676 461 723 interiore
497 675 729 723 convexis
767 675 930 738 opacis
966 676 1139 732 fuscis3
1190 676 1314 723 soris
1350 677 1398 723 in
1438 677 1543 724 laci-

148 757 238 805 niis
286 757 586 804 secundariis
633 757 917 804 axillaribus
954 756 1303 816 mediocribus,
1353 757 1544 806 indusio

147 840 195 886 in
232 839 441 886 lacinula
476 838 759 886 abbreviata
802 839 1055 894 immerso,
1107 839 1334 903 utrinque
1382 841 1542 888 latius-

149 921 255 968 cule
274 920 571 985 marginato,
597 920 731 967 brevi
752 920 1026 967 ventricoso
1059 921 1236 968 sensim
1267 922 1315 968 in
1341 922 1546 970 limbum

149 1010 365 1050 erectum
403 1000 693 1048 undulatum
733 1001 986 1064 ampliato,
1026 1003 1330 1065 receptaculo
1357 1011 1546 1052 setaceo

149 1084 289 1132 valde
326 1083 565 1147 elongato.
620 1081 855 1130 Rhizoma
891 1099 1100 1146 pennam
1138 1084 1387 1133 corvinam
1424 1102 1546 1132 cras-

149 1183 258 1213 sum
294 1163 725 1213 toroso-nodosum
752 1180 999 1211 ramosum
1026 1165 1550 1214 rufo-fusco-tomento·

148 1264 256 1295 sum
308 1244 636 1299 horizontale‚
691 1245 876 1308 stipites
929 1247 1300 1310 approximatos
1349 1263 1543 1312 sparsos

149 1329 372 1377 emittens
411 1328 538 1374 4-5
580 1326 769 1374 centim.
798 1327 996 1390 longos,
1034 1327 1136 1375 basi
1162 1328 1425 1378 incrassata
1451 1329 1545 1377 hir-

150 1418 286 1459 sutos
312 1417 515 1466 teretcs3
538 1409 674 1456 frons
694 1408 777 1456 vix
798 1408 926 1456 ultra
950 1411 972 1455 1
996 1408 1165 1457 decim.
1186 1410 1351 1475 longa,
1382 1410 1475 1474 272
1488 1442 1546 1446 -—

152 1494 178 1539 3
200 1491 387 1539 centim.
408 1491 505 1538 lata
524 1489 890 1538 membranacea
910 1489 1150 1554 diaphana
1164 1491 1549 1540 olivacoo-fusca.

219 1573 390 1621 Altera
427 1571 752 1636 Habrodz'ctyz',
791 1586 1050 1620 PRESLIANI
1080 1574 1300 1637 generis,
1339 1575 1546 1637 species!

152 1654 335 1702 Habitu
371 1653 569 1718 quidem
607 1654 670 1701 H.
712 1650 941 1717 Cumz'nyz'z'
961 1671 1059 1702 non
1085 1655 1304 1703 absimile
1330 1665 1425 1713 est,
1465 1657 1551 1704 sed-

152 1737 376 1801 plurimis
420 1736 801 1792 characteribUS‚
850 1736 1067 1784 externis
1118 1755 1337 1801 quoque,
1382 1738 1441 1785 ab
1491 1755 1548 1785 eo

153 1826 283 1866 certe
320 1827 393 1867 est
429 1817 689 1866 diversum.
