1855 3229
106 622 1052 705 HYMENOPHYLLACEAS
1112 628 1172 704 N
1178 628 1398 706 OVAS
1431 622 1493 711 ²)

668 809 926 838 EXPOSUI'P

278 935 343 990 R.
387 936 450 992 Β.
492 957 618 992 VAN
659 959 781 992 BEN
821 940 1141 1033 xss'OSCH,
1187 957 1243 998 M.
1267 956 1319 998 D.

143 1087 239 1125 (posu=
256 1096 397 1120 MORTEM
417 1098 609 1122 nocrlssmi
628 1099 789 1122 ,mucronis
811 1101 867 1123 nm
885 1101 1032 1125 cunAvm·
1049 1093 1098 1124 W.
1120 1093 1157 1124 F.
1177 1093 1216 1126 R.
1232 1091 1466 1133 SURINGAR)

523 1221 584 1270 (cf.
615 1221 694 1272 huj.
725 1222 807 1262 Vol.
839 1236 923 1273 pag.
959 1225 1070 1274 135).

168 1499 282 1565 Pag.
321 1501 384 1549 39
424 1501 605 1549 insere:

172 1583 220 1628 la
255 1582 320 1629 D.
356 1582 713 1632 nummularium
748 1600 793 1630 n.
824 1600 893 1647 sp.
930 1581 967 1630 F
972 1583 1205 1631 rondibus
1245 1583 1491 1632 sessilibus

101 1665 180 1712 vel
216 1665 556 1714 subsessilibus
593 1665 783 1713 adnatis
819 1673 950 1714 arcte
992 1666 1253 1714 imbricatis
1296 1666 1496 1714 renifor-

100 1747 283 1809 mibus,
332 1748 612 1796 orbiculatis
649 1748 727 1796 vel
764 1748 1013 1809 obovatis‚
1059 1748 1279 1814 margine
1323 1748 1491 1796 setulis

100 1829 304 1895 hyalinis
329 1831 508 1878 teneris
534 1830 832 1894 simplicibus
857 1831 1118 1879 furcatisve
1146 1831 1324 1891 obsito,
1359 1831 1492 1879 steri-

102 1913 227 1960 libus
264 1912 452 1960 venulis
479 1913 645 1976 paucis
671 1912 971 1960 radiantibus
996 1912 1313 1961 flabellatisve
1339 1912 1489 1960 tenui-

101 1995 192 2042 bus
219 1994 533 2055 abbreviatis,
560 1994 799 2042 fertilibus
826 2002 959 2042 costa
985 1994 1143 2043 media
1172 1994 1491 2043 validiuscula

145 2159 174 2202 *)
214 2161 323 2194 Prima
359 2161 451 2204 hujus
482 2161 696 2204 supplementi
723 2172 795 2204 pars
821 2172 918 2203 quum
943 2161 1000 2192 sub
1026 2160 1116 2203 prelo
1140 2159 1297 2199 sudabat,
1333 2160 1488 2192 advenere

107 2219 185 2251 mihi
210 2220 355 2261 litterae,
387 2231 444 2263 per
474 2231 550 2262 quas
581 2220 633 2252 Ill.
661 2220 712 2253 Cl.
737 2229 774 2250 w.
799 2230 824 2252 J.
847 2229 985 2252 HOOKER
1011 2211 1401 2262 Hymenophyllacearnm
1426 2219 1490 2251 col-

99 2277 244 2311 lectionis
261 2279 299 2311 ad
315 2290 365 2312 me
382 2279 493 2311 missae
512 2280 680 2311 certiorem
696 2290 746 2311 me
762 2280 846 2312 fecit.
865 2279 969 2322 Quam
985 2282 1154 2321 postquam
1169 2289 1351 2321 acceperam
1366 2289 1488 2310 summa

105 2349 181 2370 cura
205 2339 396 2379 examinavi,
424 2350 496 2370 cum
526 2339 613 2381 prius
640 2339 856 2370 determinatis
881 2339 1081 2381 comparavi,
1109 2341 1203 2380 atque
1228 2336 1409 2369 adversaria
1421 2348 1488 2370 mea

99 2397 297 2429 emendando
323 2401 354 2429 et
378 2398 522 2440 augendo
546 2398 617 2430 usui
642 2408 710 2430 meo
735 2398 827 2430 valde
852 2399 1049 2430 fructuosam
1073 2397 1279 2440 deprehendi.
1303 2397 1487 2439 Specierum

101 2467 255 2488 novarum
293 2467 441 2489 numerus
479 2459 550 2499 post
574 2457 655 2488 hanc
679 2457 871 2488 revisionem
896 2457 1067 2488 admodum
1093 2459 1204 2488 auctus
1226 2459 1293 2494 est,
1330 2456 1487 2498 plurimae

99 2515 242 2558 insuper,
267 2517 305 2548 ab
331 2516 400 2547 aliis
425 2516 625 2558 descriptae,
650 2516 726 2547 mihi
751 2526 824 2547 vero
851 2519 942 2547 antea
968 2527 1031 2547 non
1057 2516 1157 2553 visre,
1183 2516 1369 2547 examinatis
1387 2517 1485 2558 spcci-

99 2574 237 2606 minibus
262 2576 473 2612 authenticis,
508 2586 590 2607 nunc
615 2575 693 2606 bene
719 2578 816 2606 notae
840 2577 924 2606 sunt.
959 2575 1002 2605 Ut
1027 2585 1102 2605 vero
1128 2574 1222 2615 plena
1246 2574 1287 2605 sit
1310 2574 1484 2616 specierum

98 2634 136 2666 ud
160 2634 245 2666 hunc
269 2645 366 2675 usqne
391 2634 474 2665 diem
492 2634 776 2665 determinatarum
793 2634 1002 2671 enumeratio,
1028 2633 1066 2664 ad
1084 2632 1202 2664 calcem
1220 2634 1374 2665 secundae
1391 2634 1485 2675 hujus

98 2694 311 2736 supplementi
337 2694 434 2735 partis
461 2693 579 2735 adjeci,
605 2704 819 2735 quaecumque
844 2694 964 2735 primae
990 2693 1074 2734 parti
1098 2693 1241 2724 addenda
1272 2693 1490 2735 suppeditavit

100 2753 305 2785 Hockeriana
329 2752 488 2785 collectio.
